@misc{angeli2020computational,
  title={Computational thinking education: Issues and challenges},
  author={Angeli, Charoula and Giannakos, Michail},
  journal={Computers in human behavior},
  volume={105},
  pages={106185},
  year={2020},
  publisher={Elsevier}
}

@article{greipl2020potential,
  title={Potential and limits of game-based learning},
  author={Greipl, Simon and Moeller, Korbinian and Ninaus, Manuel},
  journal={International Journal of Technology Enhanced Learning},
  volume={12},
  number={4},
  pages={363--389},
  year={2020},
  publisher={Inderscience Publishers (IEL)}
}

@article{liu2020using,
  title={Using the Concept of Game-Based Learning in Education.},
  author={Liu, Zi-Yu and Shaikh, Zaffar Ahmed and Gazizova, Farida},
  journal={International Journal of Emerging Technologies in Learning},
  year={2020}
}

@article{wing2006computational,
  title={Computational thinking},
  author={Wing, Jeannette M},
  journal={Communications of the ACM},
  volume={49},
  number={3},
  pages={33--35},
  year={2006},
  publisher={ACM New York, NY, USA}
}

@article{freeman2014active,
  title={Active learning increases student performance in science, engineering, and mathematics},
  author={Freeman, Scott and Eddy, Sarah L and McDonough, Miles and Smith, Michelle K and Okoroafor, Nnadozie and Jordt, Hannah and Wenderoth, Mary Pat},
  journal={Proceedings of the national academy of sciences},
  volume={111},
  number={23},
  pages={8410--8415},
  year={2014},
  publisher={National Acad Sciences}
}

@article{prensky2009h,
  title={H. sapiens digital: From digital immigrants and digital natives to digital wisdom},
  author={Prensky, Marc},
  journal={Innovate: journal of online education},
  volume={5},
  number={3},
  year={2009}
}

@article{powell2006evaluation,
  title={Evaluation research: An overview},
  author={Powell, Ronald R},
  journal={Library trends},
  volume={55},
  number={1},
  pages={102--120},
  year={2006},
  publisher={Johns Hopkins University Press}
}

@article{resnick2009scratch,
  title={Scratch: programming for all},
  author={Resnick, Mitchel and Maloney, John and Monroy-Hern{\'a}ndez, Andr{\'e}s and Rusk, Natalie and Eastmond, Evelyn and Brennan, Karen and Millner, Amon and Rosenbaum, Eric and Silver, Jay and Silverman, Brian and others},
  journal={Communications of the ACM},
  volume={52},
  number={11},
  pages={60--67},
  year={2009},
  publisher={ACM New York, NY, USA}
}

@article{maloney2010scratch,
  title={The scratch programming language and environment},
  author={Maloney, John and Resnick, Mitchel and Rusk, Natalie and Silverman, Brian and Eastmond, Evelyn},
  journal={ACM Transactions on Computing Education (TOCE)},
  volume={10},
  number={4},
  pages={1--15},
  year={2010},
  publisher={ACM New York, NY, USA}
}